<?xml version="1.0" encoding="UTF-8"?>
<OAI-PMH xmlns="http://www.openarchives.org/OAI/2.0/" xmlns:xsi="http://www.w3.org/2001/XMLSchema-instance" xsi:schemaLocation="http://www.openarchives.org/OAI/2.0/ http://www.openarchives.org/OAI/2.0/OAI-PMH.xsd">
<ListRecords>
<record>
<header status="updated">
<identifier>urm_publish:71297642880002121</identifier>
</header>
<metadata>
<record xmlns="http://www.loc.gov/MARC21/slim" xmlns:xsi="http://www.w3.org/2001/XMLSchema-instance" xsi:schemaLocation="http://www.loc.gov/MARC21/slim http://www.loc.gov/standards/marcxml/schema/MARC21slim.xsd" ><leader>01041mam a2200313   4500</leader><controlfield tag="005">20100429145518.0</controlfield><controlfield tag="008">800423s1939    ru f          000 0 rus  </controlfield><controlfield tag="001">999684813102121</controlfield><datafield tag="010" ind1=" " ind2=" "><subfield code="a">   44014205 //r</subfield></datafield><datafield tag="035" ind1=" " ind2=" "><subfield code="a">(OCoLC)06238544</subfield></datafield><datafield tag="035" ind1=" " ind2=" "><subfield code="9">APZ1872UW</subfield></datafield><datafield tag="035" ind1=" " ind2=" "><subfield code="a">2426391</subfield></datafield><datafield tag="035" ind1=" " ind2=" "><subfield code="a">(WU)2426391-uwmadisondb</subfield></datafield><datafield tag="040" ind1=" " ind2=" "><subfield code="a">DLC</subfield><subfield code="b">eng</subfield><subfield code="c">WAU</subfield></datafield><datafield tag="043" ind1=" " ind2=" "><subfield code="a">e-ur---</subfield></datafield><datafield tag="050" ind1="0" ind2=" "><subfield code="a">N6997.M8</subfield><subfield code="b">S4</subfield></datafield><datafield tag="100" ind1="1" ind2=" "><subfield code="6">880-01</subfield><subfield code="a">Semenovskiĭ, Dmitriĭ Nikolaevich,</subfield><subfield code="d">1894-</subfield><subfield code="2">LCNAMES</subfield></datafield><datafield tag="880" ind1="1" ind2=" "><subfield code="6">100-01/(N</subfield><subfield code="a">Семеновский, Дмитрий Николаевич,</subfield><subfield code="d">1894-</subfield></datafield><datafield tag="245" ind1="1" ind2="0"><subfield code="6">880-02</subfield><subfield code="a">Mstera.</subfield></datafield><datafield tag="880" ind1="0" ind2="0"><subfield code="6">245-02/(N</subfield><subfield code="a">Мстера.</subfield></datafield><datafield tag="264" ind1=" " ind2="1"><subfield code="6">880-03</subfield><subfield code="a">[Moskva] :</subfield><subfield code="b">[Sovetskiĭ pisatel'],</subfield><subfield code="c">[1939.]</subfield></datafield><datafield tag="880" ind1=" " ind2="1"><subfield code="6">264-03/(N</subfield><subfield code="a">[Москва,</subfield><subfield code="b">Советский писатель,</subfield><subfield code="c">1939.]</subfield></datafield><datafield tag="300" ind1=" " ind2=" "><subfield code="a">205 pages :</subfield><subfield code="b">color plates ;</subfield><subfield code="c">27 cm</subfield></datafield><datafield tag="336" ind1=" " ind2=" "><subfield code="a">text</subfield><subfield code="b">txt</subfield><subfield code="2">rdacontent</subfield></datafield><datafield tag="337" ind1=" " ind2=" "><subfield code="a">unmediated</subfield><subfield code="b">n</subfield><subfield code="2">rdamedia</subfield></datafield><datafield tag="338" ind1=" " ind2=" "><subfield code="a">volume</subfield><subfield code="b">nc</subfield><subfield code="2">rdacarrier</subfield></datafield><datafield tag="650" ind1=" " ind2="0"><subfield code="a">Art</subfield><subfield code="z">Russia (Federation)</subfield><subfield code="z">Mstera.</subfield><subfield code="2">LCSH</subfield><subfield code="0">41-LIBRARY_OF_CONGRESS-sh 85007461</subfield><subfield code="9">Y</subfield></datafield><datafield tag="651" ind1=" " ind2="0"><subfield code="a">Mstera (Russia)</subfield><subfield code="2">LCSH</subfield></datafield><datafield tag="997" ind1=" " ind2=" "><subfield code="a">MARCIVE</subfield></datafield><datafield tag="650" ind1=" " ind2="0"><subfield code="a">Art, Occidental</subfield><subfield code="2">LCSH</subfield><subfield code="0">41-LIBRARY_OF_CONGRESS-sh 85007461</subfield><subfield code="9">N</subfield></datafield><datafield tag="650" ind1=" " ind2="0"><subfield code="a">Art, Visual</subfield><subfield code="2">LCSH</subfield><subfield code="0">41-LIBRARY_OF_CONGRESS-sh 85007461</subfield><subfield code="9">N</subfield></datafield><datafield tag="650" ind1=" " ind2="0"><subfield code="a">Art, Western (Western countries)</subfield><subfield code="2">LCSH</subfield><subfield code="0">41-LIBRARY_OF_CONGRESS-sh 85007461</subfield><subfield code="9">N</subfield></datafield><datafield tag="650" ind1=" " ind2="0"><subfield code="a">Arts, Fine</subfield><subfield code="2">LCSH</subfield><subfield code="0">41-LIBRARY_OF_CONGRESS-sh 85007461</subfield><subfield code="9">N</subfield></datafield><datafield tag="650" ind1=" " ind2="0"><subfield code="a">Arts, Visual</subfield><subfield code="2">LCSH</subfield><subfield code="0">41-LIBRARY_OF_CONGRESS-sh 85007461</subfield><subfield code="9">N</subfield></datafield><datafield tag="650" ind1=" " ind2="0"><subfield code="a">Fine arts</subfield><subfield code="2">LCSH</subfield><subfield code="0">41-LIBRARY_OF_CONGRESS-sh 85007461</subfield><subfield code="9">N</subfield></datafield><datafield tag="650" ind1=" " ind2="0"><subfield code="a">Iconography</subfield><subfield code="2">LCSH</subfield><subfield code="0">41-LIBRARY_OF_CONGRESS-sh 85007461</subfield><subfield code="9">N</subfield></datafield><datafield tag="650" ind1=" " ind2="0"><subfield code="a">Occidental art</subfield><subfield code="2">LCSH</subfield><subfield code="0">41-LIBRARY_OF_CONGRESS-sh 85007461</subfield><subfield code="9">N</subfield></datafield><datafield tag="650" ind1=" " ind2="0"><subfield code="a">Visual arts</subfield><subfield code="2">LCSH</subfield><subfield code="0">41-LIBRARY_OF_CONGRESS-sh 85007461</subfield><subfield code="9">N</subfield></datafield><datafield tag="650" ind1=" " ind2="0"><subfield code="a">Western art (Western countries)</subfield><subfield code="2">LCSH</subfield><subfield code="0">41-LIBRARY_OF_CONGRESS-sh 85007461</subfield><subfield code="9">N</subfield></datafield><datafield tag="650" ind1=" " ind2="0"><subfield code="w">g</subfield><subfield code="a">Arts</subfield><subfield code="2">LCSH</subfield><subfield code="0">41-LIBRARY_OF_CONGRESS-sh 85007461</subfield><subfield code="9">R</subfield></datafield><datafield tag="650" ind1=" " ind2="0"><subfield code="a">Aesthetics</subfield><subfield code="2">LCSH</subfield><subfield code="0">41-LIBRARY_OF_CONGRESS-sh 85007461</subfield><subfield code="9">R</subfield></datafield><datafield tag="INST" ind1=" " ind2=" "><subfield code="a">01UWI_NETWORK</subfield><subfield code="b">P</subfield><subfield code="c">71297642880002121</subfield></datafield><datafield tag="INST" ind1=" " ind2=" "><subfield code="a">01UWI_MAD</subfield><subfield code="b">P</subfield><subfield code="c">21577491260002122</subfield></datafield><datafield tag="AVA" ind1=" " ind2=" "><subfield code="0">9924263913602122</subfield><subfield code="8">22854727880002122</subfield><subfield code="a">01UWI_MAD</subfield><subfield code="b">REMOTE</subfield><subfield code="c">by request only</subfield><subfield code="d">N6997 M8 S4</subfield><subfield code="e">available</subfield><subfield code="f">1</subfield><subfield code="g">0</subfield><subfield code="j">vsf</subfield><subfield code="k">0</subfield><subfield code="p">1</subfield><subfield code="q">Verona Shelving Facility</subfield></datafield><datafield tag="MMS" ind1=" " ind2=" "><subfield code="b">999684813102121</subfield><subfield code="a">01UWI_NETWORK</subfield></datafield><datafield tag="MMS" ind1=" " ind2=" "><subfield code="b">9924263913602122</subfield><subfield code="a">01UWI_MAD</subfield></datafield></record>
</metadata>
</record>
</ListRecords>
</OAI-PMH>